@Book{kniha1,
 author = {Rybi\v{c}ka, Ji\v{r}\'{i}},
 title = {\LaTeX~pro za\v{c}\'{a}te\v{c}n\'{i}ky},
 publisher = {Konvoj},
 year = {2003},
 address = {Brno},
 isbn = {80-7302-049-1}
 }
@Book{kniha2,
 author = {Tschichold, Jan},
 title = {The form of the book : essays on the morality of good design},
 publisher = {Hartley \& Marks},
 year = {1991},
 address = {Point Roberts, Wash},
 isbn = {978-0-88179-034-4}
 }
@Book{asdf,
 author = {Heller, Steven},
 title = {Becoming a graphic designer : a guide to careers in design},
 publisher = {John Wiley \& Sons},
 year = {2002},
 address = {New York},
 isbn = {978-0471176770}
 }
@Misc{html,
 author = {Du\v{s}an Janovsk\'{y}},
 title = "O HTML",
 howpublished = "online",
 year = "2001",
 cited = "09.\,04.\,2016",
 url = "http://www.jakpsatweb.cz/html/"
}
@Misc{htmlgrafika,
 author = {A Digital Dreamer},
 title = "What is Graphic Design?",
 howpublished = "online",
 year = "2015",
 cited = "09.\,04.\,2016",
 url = "http://www.adigitaldreamer.com/articles/what-is-graphic-design.htm"
}
@Misc{grsw,
 author = {Tavmjong Bah},
 title = "Inkscape: Guide to a Vector Drawing Program",
 howpublished = "online",
 year = "2011",
 cited = "09.\,04.\,2016",
 url = "http://tavmjong.free.fr/INKSCAPE/MANUAL/html/index.html"
}
@MasterThesis{diplomka,
 author =    {Sl\'{a}va Jev\v{c}inov\'{a}},
 title =     {Typografie},
 school =    {\'{U}st\'{i} nad Labem, Fakulta informatiky},
 year =      {2013},
 address =   {Univerzita J. E. Purkyn\v{e} v \'{U}st\'{i} nad Labem, Fakulta um\v{e}n\'{i} a designu},
 type =      "Diplomov{\'{a}} pr{\'{a}}ca",
}

@BachelorThesis{bakalarka,
 author =    {Tom\'{a}\v{s} Slav\'{i}\v{c}ek},
 title =     {Typografie a fotografie},
 school =    {Masarykova univerzita, Fakulta informatiky},
 year =      {2008},
 address =   {Brno},
 type =      "Bakal{\'{a}}{\v{r}}sk{\'{a}} pr{\'{a}}ca",
}
@Article{article:hist,
author =    {Pavel Ko\v{c}i\v{c}ka},
title =     {Vzestupy a p\'{a}dy typografie aneb historie (nejen) psac\'{i}ch stroj\r{u}},
journal =   {Typo},
year =      {2006},
number =    {20},
pages =     {63},
issn =      {1214â€“0716},
}
@Article{article:his,
author =    {Jeremy Leslie},
title =     {Revolution by evolution},
journal =   {Baseline magazine},
year =      {1988},
number =    {10},
pages =     {11},
issn =      {0954-9226},
}
